@misc{Solvability,
	title={Solvability of the Tiles Game},
	author={Ryan, Mark},
	url={https://www.cs.bham.ac.uk/~mdr/teaching/ modules04/java2/TilesSolvability.html},
	publisher={School of Computer Science, University of Burmingham}
}

@INBOOK{AIMA-A*Complexity,
	author = {Stuart J. Russell and Peter Norvig},
	title = {Artificial Intelligence: A Modern Approach},
	publisher = "Prentice Hall",
	year      =  2010,
	pages = {98,103},
	edition   = "3rd"
}

@article{Hansson92,
	author = {Othar Hansson and Andrew Mayer and Moti Yung},
	title = {Criticizing Solutions to Relaxed Models Yields Powerful Admissible Heuristics},
	year = {1992},
	issue_date = {September 1992},
	publisher = {Elsevier Science Publishing Co., Inc.},
	address = {655v Avenue of the Americas, New York, NY 10010},
	volume = {63},
	number = {3},
	issn = {0020-0255},
	url = {https://doi.org/10.1016/0020-0255(92)90070-O},
	doi = {10.1016/0020-0255(92)90070-O},
	journal = {Information Sciences},
	month = sep,
	pages = {207â€“227},
	numpages = {21}
}